<record><leader>00000cas a2200000 a 4500</leader><controlfield tag="001">22122485</controlfield><controlfield tag="008">900723u1uuuuuuuiluwr ne      0   a0eng c</controlfield><datafield ind1=" " ind2=" " tag="010"><subfield code="a">sn 90054107 </subfield></datafield><datafield ind1=" " ind2=" " tag="040"><subfield code="a">NVF</subfield><subfield code="b">eng</subfield><subfield code="c">NVF</subfield><subfield code="d">MGN</subfield><subfield code="d">NVF</subfield><subfield code="d">OCLCQ</subfield><subfield code="d">NVF</subfield><subfield code="d">OCLCQ</subfield><subfield code="d">NVF</subfield><subfield code="d">OCLCF</subfield><subfield code="d">OCLCO</subfield></datafield><datafield ind1="1" ind2=" " tag="029"><subfield code="a">AU@</subfield><subfield code="b">000025860779</subfield></datafield><datafield ind1=" " ind2=" " tag="042"><subfield code="a">pcc</subfield></datafield><datafield ind1=" " ind2=" " tag="043"><subfield code="a">n-us-il</subfield></datafield><datafield ind1="0" ind2="4" tag="245"><subfield code="a">The Casey banner-times.</subfield></datafield><datafield ind1="3" ind2=" " tag="246"><subfield code="a">Casey banner times</subfield></datafield><datafield ind1=" " ind2=" " tag="260"><subfield code="a">Casey, Ill. :</subfield><subfield code="b">H.M. Brooke &amp; Sons</subfield></datafield><datafield ind1=" " ind2=" " tag="300"><subfield code="a">v.</subfield></datafield><datafield ind1=" " ind2=" " tag="310"><subfield code="a">Weekly,</subfield><subfield code="b">Oct. 7, 1965-&lt;May 21, 1969&gt;</subfield></datafield><datafield ind1=" " ind2=" " tag="321"><subfield code="a">Weekly,</subfield><subfield code="b">&lt;Jan. 5, 1906&gt;-Aug. 30, 1946</subfield></datafield><datafield ind1=" " ind2=" " tag="321"><subfield code="a">Semiweekly,</subfield><subfield code="b">Sept. 3, 1946-May 20, 1965</subfield></datafield><datafield ind1=" " ind2=" " tag="515"><subfield code="a">Suspended publication, May 20-Oct. 7, 1965.</subfield></datafield><datafield ind1=" " ind2=" " tag="580"><subfield code="a">Formed by the union of: Casey banner and: Casey weekly times.</subfield></datafield><datafield ind1=" " ind2=" " tag="588"><subfield code="a">Description based on: Vol. 34, no. 48 (Jan. 5, 1906).</subfield></datafield><datafield ind1=" " ind2=" " tag="588"><subfield code="a">Latest issue consulted: May 21, 1969.</subfield></datafield><datafield ind1=" " ind2="0" tag="651"><subfield code="a">Casey (Ill.)</subfield><subfield code="v">Newspapers.</subfield></datafield><datafield ind1=" " ind2="7" tag="655"><subfield code="a">Newspapers.</subfield><subfield code="2">fast</subfield><subfield code="0">(OCoLC)fst01423814</subfield></datafield><datafield ind1=" " ind2="7" tag="651"><subfield code="a">Illinois</subfield><subfield code="z">Casey.</subfield><subfield code="2">fast</subfield><subfield code="0">(OCoLC)fst01234603</subfield></datafield><datafield ind1=" " ind2=" " tag="752"><subfield code="a">United States</subfield><subfield code="b">Illinois</subfield><subfield code="c">Clark</subfield><subfield code="d">Casey.</subfield></datafield><datafield ind1="0" ind2=" " tag="775"><subfield code="t">Banner-times shopper</subfield><subfield code="w">(DLC)sn 90054774</subfield><subfield code="w">(OCoLC)22378951</subfield></datafield><datafield ind1="1" ind2="4" tag="780"><subfield code="t">Casey banner</subfield></datafield><datafield ind1="1" ind2="4" tag="780"><subfield code="t">Casey weekly times</subfield><subfield code="w">(DLC)sn 85033442</subfield><subfield code="w">(OCoLC)11967056</subfield></datafield></record>